
@article{ardakani_context-based_2019,
  title = {Context-Based Semantical Vector Representations for Animal Trajectories},
  author = {Ardakani, Ilya and Hashimoto, Koichi and Yoda, Ken},
  year = {2019},
  volume = {33:3-4},
  pages = {118--133},
  doi = {10.1080/01691864.2019.1573704},
  journal = {Advanced Robotics}
}

@inproceedings{ardakani_encoding_2017,
  title = {Encoding {{Bird}}'s {{Trajectory}} Using {{Recurrent Neural Networks}}},
  booktitle = {Proceedings of 2017 {{IEEE International Conference}} on {{Mechatronics}} and {{Automation}}},
  author = {Ardakani, Ilya S and Hashimoto, Koichi},
  year = {2017},
  pages = {6},
  address = {{Japan}},
  doi = {10.1109/ICMA.2017.8016063}
}

@article{authier_conservation_2017,
  title = {Conservation Science for Marine Megafauna in {{Europe}}: {{Historical}} Perspectives and Future Directions},
  shorttitle = {Conservation Science for Marine Megafauna in {{Europe}}},
  author = {Authier, M. and Spitz, J. and Blanck, A. and Ridoux, V.},
  year = {2017},
  volume = {141},
  pages = {1--7},
  issn = {09670645},
  doi = {10.1016/j.dsr2.2017.05.002},
  journal = {Deep Sea Research Part II: Topical Studies in Oceanography}
}

@article{barraquand_animal_2008,
  title = {Animal Movements in Heterogeneous Landscapes: Identifying Profitable Places and Homogeneous Movement Bouts},
  author = {Barraquand, Fre De Ric and Benhamou, Simon},
  year = {2008},
  volume = {89},
  pages = {3336--3348},
  journal = {Ecology},
  number = {12}
}

@article{bengio_representation_2014,
  title = {Representation {{Learning}}: {{A Review}} and {{New Perspectives}}},
  shorttitle = {Representation {{Learning}}},
  author = {Bengio, Yoshua and Courville, Aaron and Vincent, Pascal},
  year = {2014},
  archivePrefix = {arXiv},
  eprint = {1206.5538},
  eprinttype = {arxiv},
  journal = {arXiv:1206.5538 [cs]},
  keywords = {⛔ No DOI found,Computer Science - Machine Learning},
  primaryClass = {cs}
}

@article{beyan_setting_2020,
  title = {Setting the Stage for the Machine Intelligence Era in Marine Science},
  author = {Beyan, Cigdem and Browman, Howard},
  year = {2020},
  volume = {77(4)},
  pages = {1267--1273},
  doi = {doi:10.1093/icesjms/fsaa084},
  journal = {ICES Journal of Marine Science}
}

@article{boyd_movement_2014,
  title = {Movement Models Provide Insights into Variation in the Foraging Effort of Central Place Foragers},
  author = {Boyd, Charlotte},
  year = {2014},
  pages = {13},
  doi = {10.1016/j.ecolmodel.2014.03.015},
  journal = {Ecological Modelling}
}

@article{browning_predicting_2018,
  title = {Predicting Animal Behaviour Using Deep Learning: {{GPS}} Data Alone Accurately Predict Diving in Seabirds},
  author = {Browning, Ella and Bolton, Mark and Owen, Ellie and Shoji, Akiko and Guilford, Tim and Freeman, Robin},
  editor = {McPherson, Jana},
  year = {2018},
  volume = {9},
  pages = {681--692},
  doi = {10.1111/2041-210X.12926},
  journal = {Methods in Ecology and Evolution},
  number = {3}
}

@article{carter_navigating_2016,
  title = {Navigating Uncertain Waters: A Critical Review of Inferring Foraging Behaviour from Location and Dive Data in Pinnipeds},
  author = {Carter, Matt Ian Daniel and Bennett, Kimberley A. and Embling, Clare B. and Hosegood, Philip J. and Russell, Debbie J. F.},
  year = {2016},
  volume = {4},
  pages = {25},
  doi = {10.1186/s40462-016-0090-9},
  journal = {Movement Ecology},
  number = {1}
}

@article{christin_applications_2019,
  title = {Applications for Deep Learning in Ecology},
  author = {Christin, Sylvain and Hervet, {\'E}ric and Lecomte, Nicolas},
  editor = {Ye, Hao},
  year = {2019},
  volume = {10},
  pages = {1632--1644},
  doi = {10.1111/2041-210X.13256},
  journal = {Methods in Ecology and Evolution},
  number = {10}
}

@article{cox_seabird_2016,
  title = {Seabird Diving Behaviour Reveals the Functional Significance of Shelf-Sea Fronts as Foraging Hotspots},
  author = {Cox, S. L. and Miller, P. I. and Embling, C. B. and Scales, K. L. and Bicknell, A. W. J. and Hosegood, P. J. and Morgan, G. and Ingram, S. N. and Votier, S. C.},
  year = {2016},
  volume = {3},
  pages = {160317},
  issn = {2054-5703, 2054-5703},
  doi = {10.1098/rsos.160317},
  journal = {Royal Society Open Science},
  number = {9}
}

@article{dean_simultaneous_2015,
  title = {Simultaneous Multi-Colony Tracking of a Pelagic Seabird Reveals Cross-Colony Utilization of a Shared Foraging Area},
  author = {Dean, B and Kirk, H and Fayet, A and Shoji, A and Freeman, R and Leonard, K and Perrins, Cm and Guilford, T},
  year = {2015},
  volume = {538},
  pages = {239--248},
  issn = {0171-8630, 1616-1599},
  doi = {10.3354/meps11443},
  journal = {Marine Ecology Progress Series}
}

@article{delord_movements_2020,
  title = {Movements of Three Alcid Species Breeding Sympatrically in {{Saint Pierre}} and {{Miquelon}}, Northwestern {{Atlantic Ocean}}},
  author = {Delord, Karine and Barbraud, Christophe and Pinaud, David and Letournel, Bruno and Jaugeon, David and Goraguer, Herle and Lazure, Pascal and Lorm{\'e}e, Herv{\'e}},
  year = {2020},
  pages = {30},
  journal = {Journal of Ornithology},
  keywords = {⛔ No DOI found}
}

@article{dunphy_seabirds_2020,
  title = {Seabirds as Environmental Indicators: Foraging Behaviour and Ecophysiology of Common Diving Petrels ({{Pelecanoides}} Urinatrix) Reflect Local-Scale Differences in Prey Availability},
  shorttitle = {Seabirds as Environmental Indicators},
  author = {Dunphy, B. J. and Vickers, S. I. and Zhang, J. and Sagar, R. L. and Landers, T. J. and Bury, S. J. and Hickey, A. J. R. and Rayner, M. J.},
  year = {2020},
  volume = {167},
  pages = {53},
  issn = {0025-3162, 1432-1793},
  doi = {10.1007/s00227-020-3672-4},
  journal = {Marine Biology},
  number = {4}
}

@article{endo_classifying_2016,
  title = {Classifying Spatial Trajectories Using Representation Learning},
  author = {Endo, Yuki and Toda, Hiroyuki and Nishida, Kyosuke and Ikedo, Jotaro},
  year = {2016},
  volume = {2},
  pages = {107--117},
  issn = {2364-415X, 2364-4168},
  doi = {10.1007/s41060-016-0014-1},
  journal = {International Journal of Data Science and Analytics},
  number = {3-4}
}

@article{fauchald_using_2003,
  title = {Using {{First}}-{{Passage Time}} in the Analysis of Area-Restricted Search and Habitat Selection},
  author = {Fauchald, Per and Tveraa, Torkild},
  year = {2003},
  volume = {84},
  pages = {282--288},
  issn = {0012-9658},
  doi = {10.1890/0012-9658(2003)084[0282:UFPTIT]2.0.CO;2},
  journal = {Ecology},
  number = {2}
}

@article{focardi_levy_2014,
  title = {The {{L\'evy}} Flight Foraging Hypothesis in a Pelagic Seabird},
  author = {Focardi, Stefano and Cecere, Jacopo G.},
  editor = {Hays, Graeme},
  year = {2014},
  volume = {83},
  pages = {353--364},
  issn = {00218790},
  doi = {10.1111/1365-2656.12147},
  journal = {Journal of Animal Ecology},
  number = {2}
}

@article{furness_seabirds_1997,
  title = {Seabirds as Monitors of the Marine Environment},
  author = {Furness, R and Camphuysen},
  year = {1997},
  volume = {54},
  pages = {726--737},
  issn = {10543139},
  doi = {10.1006/jmsc.1997.0243},
  journal = {ICES Journal of Marine Science},
  number = {4}
}

@inproceedings{goodfellow_generative_2016,
  title = {Generative {{Adversarial Networks}}},
  shorttitle = {{{NIPS}} 2016 {{Tutorial}}},
  booktitle = {{{NIPS}} 2016},
  author = {Goodfellow, Ian},
  year = {2016},
  archivePrefix = {arXiv},
  eprint = {1701.00160},
  eprinttype = {arxiv},
  keywords = {⛔ No DOI found,Computer Science - Machine Learning}
}

@article{guilford_gps_2008,
  title = {{{GPS}} Tracking of the Foraging Movements of {{Manx Shearwaters Puffinus}} Puffinus Breeding on {{Skomer Island}}, {{Wales}}: {{GPS}} Tracking of Breeding {{Manx Shearwaters}}},
  shorttitle = {{{GPS}} Tracking of the Foraging Movements of {{Manx Shearwaters Puffinus}} Puffinus Breeding on {{Skomer Island}}, {{Wales}}},
  author = {Guilford, T. C. and Meade, J. and Freeman, R. and Biro, D. and Evans, T. and Bonadonna, F. and Boyle, D. and Roberts, S. and Perrins, C. M.},
  year = {2008},
  volume = {150},
  pages = {462--473},
  issn = {00191019},
  doi = {10.1111/j.1474-919X.2008.00805.x},
  journal = {Ibis},
  number = {3}
}

@article{guilford_migration_2009,
  title = {Migration and Stopover in a Small Pelagic Seabird, the {{Manx}} Shearwater {{{\emph{Puffinus}}}}{\emph{ Puffinus}} : Insights from Machine Learning},
  author = {Guilford, T and Meade, J and Willis, J and Phillips, R.A and Boyle, D and Roberts, S and Collett, M and Freeman, R and Perrins, C.M},
  year = {2009},
  volume = {276},
  pages = {1215--1223},
  doi = {10.1098/rspb.2008.1577},
  journal = {Proceedings of the Royal Society B: Biological Sciences},
  number = {1660}
}

@article{hays_key_2016,
  title = {Key {{Questions}} in {{Marine Megafauna Movement Ecology}}},
  author = {Hays, Graeme C. and Ferreira, Luciana C. and Sequeira, Ana M.M. and Meekan, Mark G. and Duarte, Carlos M. and Bailey, Helen and Bailleul, Fred and Bowen, W. Don and Caley, M. Julian and Costa, Daniel P. and Egu{\'i}luz, Victor M. and Fossette, Sabrina and Friedlaender, Ari S. and Gales, Nick and Gleiss, Adrian C. and Gunn, John and Harcourt, Rob and Hazen, Elliott L. and Heithaus, Michael R. and Heupel, Michelle and Holland, Kim and Horning, Markus and Jonsen, Ian and Kooyman, Gerald L. and Lowe, Christopher G. and Madsen, Peter T. and Marsh, Helene and Phillips, Richard A. and Righton, David and {Ropert-Coudert}, Yan and Sato, Katsufumi and Shaffer, Scott A. and Simpfendorfer, Colin A. and Sims, David W. and Skomal, Gregory and Takahashi, Akinori and Trathan, Philip N. and Wikelski, Martin and Womble, Jamie N. and Thums, Michele},
  year = {2016},
  volume = {31},
  pages = {463--475},
  issn = {01695347},
  doi = {10.1016/j.tree.2016.02.015},
  journal = {Trends in Ecology \& Evolution},
  number = {6}
}

@article{hazen_marine_2019,
  title = {Marine Top Predators as Climate and Ecosystem Sentinels},
  author = {Hazen, Elliott L and Abrahms, Briana and Brodie, Stephanie and Carroll, Gemma and Jacox, Michael G and Savoca, Matthew S and Scales, Kylie L and Sydeman, William J and Bograd, Steven J},
  year = {2019},
  volume = {17},
  pages = {565--574},
  issn = {1540-9295, 1540-9309},
  doi = {10.1002/fee.2125},
  journal = {Frontiers in Ecology and the Environment},
  number = {10}
}

@article{hirakawa_can_2018,
  title = {Can {{AI}} Predict Animal Movements? {{Filling}} Gaps in Animal Trajectories Using Inverse Reinforcement Learning},
  author = {Hirakawa, Tsubasa and Yamashita, Takayoshi and Tamaki, Toru and Fujiyoshi, Hironobu and Umezu, Yuta and Takeuchi, Ichiro and Matsumoto, Sakiko and Yoda, Ken},
  year = {2018},
  volume = {9},
  pages = {e02447},
  doi = {10.1002/ecs2.2447},
  journal = {Ecosphere},
  number = {10}
}

@article{hooker_marine_2004,
  title = {Marine {{Reserves}} as a {{Tool}} for {{Ecosystem}}-{{Based Management}}: {{The Potential Importance}} of {{Megafauna}}},
  author = {Hooker, Sascha K and Gerber, Leah R},
  year = {2004},
  volume = {54},
  pages = {27--39},
  doi = {10.1641/0006-3568(2004)054[0027:MRAATF]2.0.CO;2},
  journal = {BioScience}
}

@article{hussey_aquatic_2015,
  title = {Aquatic Animal Telemetry: {{A}} Panoramic Window into the Underwater World},
  shorttitle = {Aquatic Animal Telemetry},
  author = {Hussey, N. E. and Kessel, S. T. and Aarestrup, K. and Cooke, S. J. and Cowley, P. D. and Fisk, A. T. and Harcourt, R. G. and Holland, K. N. and Iverson, S. J. and Kocik, J. F. and Mills Flemming, J. E. and Whoriskey, F. G.},
  year = {2015},
  volume = {348},
  pages = {1255642--1255642},
  issn = {0036-8075, 1095-9203},
  doi = {10.1126/science.1255642},
  journal = {Science},
  number = {6240}
}

@article{isola_image--image_2018,
  title = {Image-to-{{Image Translation}} with {{Conditional Adversarial Networks}}},
  author = {Isola, Phillip and Zhu, Jun-Yan and Zhou, Tinghui and Efros, Alexei A.},
  year = {2018},
  archivePrefix = {arXiv},
  eprint = {1611.07004},
  eprinttype = {arxiv},
  journal = {arXiv:1611.07004 [cs]},
  keywords = {⛔ No DOI found,Computer Science - Computer Vision and Pattern Recognition},
  primaryClass = {cs}
}

@article{jahncke_diets_1998,
  title = {Diets of the {{Guanay}} Cormorant and {{Peruvian}} Booby as Indicators of the Abundance and Distribution of Anchovy},
  author = {Jahncke, J and Goya, Elisa},
  year = {1998},
  volume = {17},
  pages = {15--33},
  journal = {Boletin Instituto del Mar del Peru}
}

@article{joo_navigating_2020,
  title = {Navigating through the {\textsc{r}} Packages for Movement},
  shorttitle = {Navigating through The},
  author = {Joo, Roc{\'i}o and Boone, Matthew E. and Clay, Thomas A. and Patrick, Samantha C. and Clusella-Trullas, Susana and Basille, Mathieu},
  editor = {B{\"o}rger, Luca},
  year = {2020},
  volume = {89},
  pages = {248--267},
  issn = {0021-8790, 1365-2656},
  doi = {10.1111/1365-2656.13116},
  journal = {Journal of Animal Ecology},
  number = {1}
}

@article{kawaguchi_generalization_2020,
  title = {Generalization in {{Deep Learning}}},
  author = {Kawaguchi, Kenji and Kaelbling, Leslie Pack and Bengio, Yoshua},
  year = {2020},
  archivePrefix = {arXiv},
  eprint = {1710.05468},
  eprinttype = {arxiv},
  journal = {arXiv:1710.05468 [cs, stat]},
  keywords = {⛔ No DOI found,Computer Science - Artificial Intelligence,Computer Science - Machine Learning,Computer Science - Neural and Evolutionary Computing,Statistics - Machine Learning},
  primaryClass = {cs, stat}
}

@inproceedings{kingma_adam_2015,
  title = {Adam: {{A Method}} for {{Stochastic Optimization}}},
  shorttitle = {Adam},
  booktitle = {{{ICLR}} 2015},
  author = {Kingma, Diederik P. and Ba, Jimmy},
  year = {2015},
  archivePrefix = {arXiv},
  eprint = {1412.6980},
  eprinttype = {arxiv},
  keywords = {⛔ No DOI found,Computer Science - Machine Learning}
}

@article{lascelles_migratory_2014,
  title = {Migratory Marine Species: Their Status, Threats and Conservation Management Needs: {{MIGRATORY MARINE SPECIES}}: {{CONSERVATION MANAGEMENT NEEDS}}},
  shorttitle = {Migratory Marine Species},
  author = {Lascelles, Ben and Notarbartolo Di Sciara, Giuseppe and Agardy, Tundi and Cuttelod, Annabelle and Eckert, Sara and Glowka, Lyle and Hoyt, Erich and Llewellyn, Fiona and Louzao, Maite and Ridoux, Vincent and Tetley, Mike J.},
  year = {2014},
  volume = {24},
  pages = {111--127},
  issn = {10527613},
  doi = {10.1002/aqc.2512},
  journal = {Aquatic Conservation: Marine and Freshwater Ecosystems},
  number = {S2}
}

@article{lecun_deep_2015,
  title = {Deep Learning},
  author = {LeCun, Yann and Bengio, Yoshua and Hinton, Geoffrey},
  year = {2015},
  volume = {521},
  pages = {436--444},
  issn = {0028-0836, 1476-4687},
  doi = {10.1038/nature14539},
  journal = {Nature},
  number = {7553}
}

@article{lerma_foraging_2020,
  title = {Foraging Ecology of Masked Boobies ({{Sula}} Dactylatra) in the World's Largest ``Oceanic Desert''},
  author = {Lerma, Miriam and Serratosa, Juan and {Luna-Jorquera}, Guillermo and Garthe, Stefan},
  year = {2020},
  volume = {167},
  pages = {87},
  issn = {0025-3162, 1432-1793},
  doi = {10.1007/s00227-020-03700-2},
  journal = {Marine Biology},
  number = {6}
}

@article{lewis_flexible_2004,
  title = {Flexible Foraging Patterns under Different Time Constraints in Tropical Boobies},
  author = {Lewis, S. and Schreiber, E.A. and Daunt, F. and Schenk, G.A. and Wanless, S. and Hamer, K.C.},
  year = {2004},
  volume = {68},
  pages = {1331--1337},
  issn = {00033472},
  doi = {10.1016/j.anbehav.2004.04.007},
  journal = {Animal Behaviour},
  number = {6}
}

@article{maekawa_deep_2020,
  title = {Deep Learning-Assisted Comparative Analysis of Animal Trajectories with {{DeepHL}}},
  author = {Maekawa, Takuya},
  year = {2020},
  volume = {11},
  pages = {5316},
  doi = {10.1038/s41467-020-19105-0},
  journal = {Nature Communications}
}

@article{malde_machine_2020,
  title = {Machine Intelligence and the Data-Driven Future of Marine Science},
  author = {Malde, Ketil and Handegard, Nils Olav and Eikvil, Line and Salberg, Arnt-B{\o}rre},
  year = {2020},
  pages = {12},
  journal = {ICES Journal of Marine Science},
  keywords = {⛔ No DOI found}
}

@article{mcclintock_momentuhmm_2018,
  title = {{{momentuHMM}}: {{R}} Package for Generalized Hidden {{Markov}} Models of Animal Movement},
  shorttitle = {{{momentuHMM}}},
  author = {McClintock, Brett T. and Michelot, Th{\'e}o},
  editor = {Goslee, Sarah},
  year = {2018},
  volume = {9},
  pages = {1518--1530},
  issn = {2041-210X, 2041-210X},
  doi = {10.1111/2041-210X.12995},
  journal = {Methods in Ecology and Evolution},
  number = {6}
}

@article{mendez_geographical_2017,
  title = {Geographical Variation in the Foraging Behaviour of the Pantropical Red-Footed Booby},
  author = {Mendez, L and Borsa, P and Cruz, S and {de Grissac}, S and Hennicke, J and Lallemand, J and Prudor, A and Weimerskirch, H},
  year = {2017},
  volume = {568},
  pages = {217--230},
  issn = {0171-8630, 1616-1599},
  doi = {10.3354/meps12052},
  journal = {Marine Ecology Progress Series}
}

@incollection{monaco_bio-logging_2016,
  title = {``{{Bio}}-Logging'' as a {{Tool}} to {{Study}} and {{Monitor Marine Ecosystems}}, or {{How}} to {{Spy}} on {{Sea Creatures}}},
  booktitle = {Tools for {{Oceanography}} and {{Ecosystemic Modeling}}},
  author = {Tremblay, Yann and Bertrand, Sophie},
  editor = {Monaco, Andr{\'e} and Prouzet, Patrick},
  year = {2016},
  pages = {143--173},
  publisher = {{John Wiley \& Sons, Inc.}},
  address = {{Hoboken, NJ, USA}},
  doi = {10.1002/9781119330226.ch5},
  isbn = {978-1-119-33022-6 978-1-84821-778-2}
}

@article{nathan_movement_2008,
  title = {A Movement Ecology Paradigm for Unifying Organismal Movement Research},
  author = {Nathan, R. and Getz, W. M. and Revilla, E. and Holyoak, M. and Kadmon, R. and Saltz, D. and Smouse, P. E.},
  year = {2008},
  volume = {105},
  pages = {19052--19059},
  issn = {0027-8424, 1091-6490},
  doi = {10.1073/pnas.0800375105},
  journal = {Proceedings of the National Academy of Sciences},
  number = {49}
}

@book{nelson_pelicans_2005,
  title = {Pelicans, Cormorants, and Their Relatives},
  author = {Nelson, Bryan},
  year = {2005},
  publisher = {{Oxford University Press}}
}

@article{nguyen_geotracknet-maritime_2021,
  title = {{{GeoTrackNet}}-{{A Maritime Anomaly Detector}} Using {{Probabilistic Neural Network Representation}} of {{AIS Tracks}} and {{A Contrario Detection}}},
  author = {Nguyen, Duong and Vadaine, Rodolphe and Hajduch, Guillaume and Garello, Ren{\'e} and Fablet, Ronan},
  year = {2021},
  archivePrefix = {arXiv},
  eprint = {1912.00682},
  eprinttype = {arxiv},
  journal = {arXiv:1912.00682 [cs, stat]},
  keywords = {⛔ No DOI found,Computer Science - Artificial Intelligence,Computer Science - Machine Learning,Statistics - Machine Learning},
  primaryClass = {cs, stat}
}

@inproceedings{nguyen_multi-task_2018,
  title = {A {{Multi}}-Task {{Deep Learning Architecture}} for {{Maritime Surveillance}} Using {{AIS Data Streams}}},
  booktitle = {{{IEEE}} 5th {{International Conference}} on {{Data Science}} and {{Advanced Analytics}} ({{DSAA}}},
  author = {Nguyen, Duong and Vadaine, Rodolphe and Hajduch, Guillaume and Garello, Rene and Fablet, Ronan},
  year = {2018},
  pages = {11},
  doi = {10.1109/DSAA.2018.00044}
}

@article{oppel_foraging_2015,
  title = {Foraging Distribution of a Tropical Seabird Supports {{Ashmole}}'s Hypothesis of Population Regulation},
  author = {Oppel, Steffen and Beard, Annalea and Fox, Derren and Mackley, Elizabeth and Leat, Eliza and Henry, Leeann and Clingham, Elizabeth and Fowler, Nathan and Sim, Jolene and Sommerfeld, Julia and Weber, Nicola and Weber, Sam and Bolton, Mark},
  year = {2015},
  volume = {69},
  pages = {915--926},
  issn = {0340-5443, 1432-0762},
  doi = {10.1007/s00265-015-1903-3},
  journal = {Behavioral Ecology and Sociobiology},
  number = {6}
}

@misc{paskze_pytorch_2019,
  title = {{{PyTorch}}: {{An Imperative Style}}, {{High}}-{{Performance Deep Learning Library}}},
  author = {Paskze, Adam and Gross, Sam and Massa, Francisco and Lerer, Adam and Bradbury, James and Chanan, Gregory and Killen, Trevor},
  year = {2019},
  copyright = {View license         ,                 View license},
  howpublished = {pytorch},
  keywords = {autograd,deep-learning,gpu,machine-learning,neural-network,numpy,python,tensor}
}

@article{peng_deep_2019,
  title = {Deep {{Learning Resolves Representative Movement Patterns}} in a {{Marine Predator Species}}},
  author = {Peng, Chengbin and Duarte, Carlos M. and Costa, Daniel P. and Guinet, Christophe and Harcourt, Robert G. and Hindell, Mark A. and McMahon, Clive R. and Muelbert, Monica and Thums, Michele and Wong, Ka-Chun and Zhang, Xiangliang},
  year = {2019},
  volume = {9},
  pages = {2935},
  doi = {10.3390/app9142935},
  journal = {Applied Sciences},
  number = {14}
}

@article{pinaud_at-sea_2007,
  title = {At-Sea Distribution and Scale-Dependent Foraging Behaviour of Petrels and Albatrosses: A Comparative Study},
  shorttitle = {At-Sea Distribution and Scale-Dependent Foraging Behaviour of Petrels and Albatrosses},
  author = {Pinaud, David and Weimerskirch, Henri},
  year = {2007},
  volume = {76},
  pages = {9--19},
  issn = {0021-8790, 1365-2656},
  doi = {10.1111/j.1365-2656.2006.01186.x},
  journal = {Journal of Animal Ecology},
  number = {1}
}

@article{rew_animal_2019,
  title = {Animal {{Movement Prediction Based}} on {{Predictive Recurrent Neural Network}}},
  author = {Rew, Jehyeok and Park, Sungwoo and Cho, Yongjang and Jung, Seungwon and Hwang, Eenjun},
  year = {2019},
  volume = {19},
  pages = {4411},
  doi = {10.3390/s19204411},
  journal = {Sensors},
  number = {20}
}

@inproceedings{ronneberger_u-net_2015,
  title = {U-{{Net}}: {{Convolutional Networks}} for {{Biomedical Image Segmentation}}},
  shorttitle = {U-{{Net}}},
  booktitle = {International {{Conference}} on {{Medical}} Image Computing and Computer-Assisted Intervention},
  author = {Ronneberger, Olaf and Fischer, Philipp and Brox, Thomas},
  year = {2015},
  publisher = {{Springer}},
  address = {{Cham}},
  archivePrefix = {arXiv},
  eprint = {1505.04597},
  eprinttype = {arxiv},
  keywords = {⛔ No DOI found,Computer Science - Computer Vision and Pattern Recognition}
}

@article{ropert-coudert_diving_2009,
  title = {Diving into the World of Biologging},
  author = {{Ropert-Coudert}, Y and Beaulieu, M and Hanuise, N and Kato, A},
  year = {2009},
  volume = {10},
  pages = {21--27},
  issn = {1863-5407, 1613-4796},
  doi = {10.3354/esr00188},
  journal = {Endangered Species Research}
}

@book{schreiber_biology_2001,
  title = {Biology of Marine Birds},
  editor = {Schreiber, Elizabeth Anne and Burger, Joanna},
  year = {2001},
  publisher = {{CRC press}},
  address = {{Hoboken, USA}}
}

@article{seidel_ecological_2018,
  title = {Ecological Metrics and Methods for {{GPS}} Movement Data},
  author = {Seidel, Dana Paige and Dougherty, Eric and Carlson, Colin and Getz, Wayne M.},
  year = {2018},
  volume = {32},
  pages = {2272--2293},
  issn = {1365-8816, 1362-3087},
  doi = {10.1080/13658816.2018.1498097},
  journal = {International Journal of Geographical Information Science},
  number = {11}
}

@article{senior_improved_2020,
  title = {Improved Protein Structure Prediction Using Potentials from Deep Learning},
  author = {Senior, Andrew W},
  year = {2020},
  volume = {577},
  pages = {706--710},
  doi = {10.1038/s41586-019-1923-7},
  journal = {Nature}
}

@article{shoji_breeding_2015,
  title = {Breeding Phenology and Winter Activity Predict Subsequent Breeding Success in a Trans-Global Migratory Seabird},
  author = {Shoji, A. and {Aris-Brosou}, S. and Culina, A. and Fayet, A. and Kirk, H. and Padget, O. and {Juarez-Martinez}, I. and Boyle, D. and Nakata, T. and Perrins, C. M. and Guilford, T.},
  year = {2015},
  volume = {11},
  pages = {20150671},
  doi = {10.1098/rsbl.2015.0671},
  journal = {Biology Letters},
  number = {10}
}

@article{shoji_foraging_2015,
  title = {Foraging Behaviour of Sympatric Razorbills and Puffins},
  author = {Shoji, A and Elliott, K and Fayet, A and Boyle, D and Perrins, C and Guilford, T},
  year = {2015},
  volume = {520},
  pages = {257--267},
  issn = {0171-8630, 1616-1599},
  doi = {10.3354/meps11080},
  journal = {Marine Ecology Progress Series}
}

@article{sommerfeld_foraging_2013,
  title = {Foraging {{Parameters Influencing}} the {{Detection}} and {{Interpretation}} of {{Area}}-{{Restricted Search Behaviour}} in {{Marine Predators}}: {{A Case Study}} with the {{Masked Booby}}},
  shorttitle = {Foraging {{Parameters Influencing}} the {{Detection}} and {{Interpretation}} of {{Area}}-{{Restricted Search Behaviour}} in {{Marine Predators}}},
  author = {Sommerfeld, Julia and Kato, Akiko and {Ropert-Coudert}, Yan and Garthe, Stefan and Hindell, Mark A.},
  editor = {Sorci, Gabriele},
  year = {2013},
  volume = {8},
  pages = {e63742},
  issn = {1932-6203},
  doi = {10.1371/journal.pone.0063742},
  journal = {PLoS ONE},
  number = {5}
}

@incollection{streitz_understanding_2018,
  title = {Understanding {{Animal Behavior Using Their Trajectories}}},
  booktitle = {Distributed, {{Ambient}} and {{Pervasive Interactions}}: {{Technologies}} and {{Contexts}}},
  author = {Ardakani, Ilya and Hashimoto, Koichi and Yoda, Ken},
  editor = {Streitz, Norbert and Konomi, Shin'ichi},
  year = {2018},
  volume = {10922},
  pages = {3--22},
  publisher = {{Springer International Publishing}},
  address = {{Cham}},
  doi = {10.1007/978-3-319-91131-1_1},
  isbn = {978-3-319-91130-4 978-3-319-91131-1}
}

@article{thums_how_2018,
  title = {How {{Big Data Fast Tracked Human Mobility Research}} and the {{Lessons}} for {{Animal Movement Ecology}}},
  author = {Thums, Michele and {Fern{\'a}ndez-Gracia}, Juan and Sequeira, Ana M. M. and Egu{\'i}luz, V{\'i}ctor M. and Duarte, Carlos M. and Meekan, Mark G.},
  year = {2018},
  volume = {5},
  pages = {21},
  doi = {10.3389/fmars.2018.00021},
  journal = {Frontiers in Marine Science}
}

@article{valletta_applications_2017,
  title = {Applications of Machine Learning in Animal Behaviour Studies},
  author = {Valletta, John Joseph and Torney, Colin and Kings, Michael and Thornton, Alex and Madden, Joah},
  year = {2017},
  volume = {124},
  pages = {203--220},
  doi = {10.1016/j.anbehav.2016.12.005},
  journal = {Animal Behaviour}
}

@article{votier_individual_2010,
  title = {Individual Responses of Seabirds to Commercial Fisheries Revealed Using {{GPS}} Tracking, Stable Isotopes and Vessel Monitoring Systems},
  author = {Votier, Stephen C. and Bearhop, Stuart and Witt, Matthew J. and Inger, Richard and Thompson, David and Newton, Jason},
  year = {2010},
  volume = {47},
  pages = {487--497},
  issn = {00218901, 13652664},
  doi = {10.1111/j.1365-2664.2010.01790.x},
  journal = {Journal of Applied Ecology},
  number = {2}
}

@article{wakefield_quantifying_2009,
  title = {Quantifying Habitat Use and Preferences of Pelagic Seabirds Using Individual Movement Data: A Review},
  shorttitle = {Quantifying Habitat Use and Preferences of Pelagic Seabirds Using Individual Movement Data},
  author = {Wakefield, Ed and Phillips, Ra and Matthiopoulos, J},
  year = {2009},
  volume = {391},
  pages = {165--182},
  issn = {0171-8630, 1616-1599},
  doi = {10.3354/meps08203},
  journal = {Marine Ecology Progress Series}
}

@article{wang_machine_2019,
  title = {Machine Learning for Inferring Animal Behavior from Location and Movement Data},
  author = {Wang, Guiming},
  year = {2019},
  volume = {49},
  pages = {69--76},
  doi = {10.1016/j.ecoinf.2018.12.002},
  journal = {Ecological Informatics}
}

@article{weimerskirch_are_2007,
  title = {Are Seabirds Foraging for Unpredictable Resources?},
  author = {Weimerskirch, Henri},
  year = {2007},
  volume = {54},
  pages = {211--223},
  issn = {09670645},
  doi = {10.1016/j.dsr2.2006.11.013},
  journal = {Deep Sea Research Part II: Topical Studies in Oceanography},
  number = {3-4}
}

@article{weimerskirch_at-sea_2020,
  title = {At-Sea Movements of Wedge-Tailed Shearwaters during and Outside the Breeding Season from Four Colonies in {{New Caledonia}}},
  author = {Weimerskirch, H and {de Grissac}, S and Ravache, A and Prudor, A and Corbeau, A and Congdon, Bc and McDuie, F and Bourgeois, K and Dromz{\'e}e, S and Butscher, J and Menkes, C and Allain, V and Vidal, E and Jaeger, A and Borsa, P},
  year = {2020},
  volume = {633},
  pages = {225--238},
  issn = {0171-8630, 1616-1599},
  doi = {10.3354/meps13171},
  journal = {Marine Ecology Progress Series}
}

@article{weimerskirch_foraging_2008,
  title = {Foraging Strategy of Masked Boobies from the Largest Colony in the World: Relationship to Environmental Conditions and Fisheries},
  shorttitle = {Foraging Strategy of Masked Boobies from the Largest Colony in the World},
  author = {Weimerskirch, H and Le Corre, M and Bost, Ca},
  year = {2008},
  volume = {362},
  pages = {291--302},
  issn = {0171-8630, 1616-1599},
  doi = {10.3354/meps07424},
  journal = {Marine Ecology Progress Series}
}

@article{weimerskirch_foraging_2012,
  title = {Foraging in {{Guanay}} Cormorant and {{Peruvian}} Booby, the Major Guano-Producing Seabirds in the {{Humboldt Current System}}},
  author = {Weimerskirch, H and Bertrand, S and Silva, J and Bost, C and Peraltilla, S},
  year = {2012},
  volume = {458},
  pages = {231--245},
  issn = {0171-8630, 1616-1599},
  doi = {10/f34jq3},
  journal = {Marine Ecology Progress Series}
}

@article{weinstein_computer_2018,
  title = {A Computer Vision for Animal Ecology},
  author = {Weinstein, Ben G.},
  editor = {Prugh, Laura},
  year = {2018},
  volume = {87},
  pages = {533--545},
  doi = {10.1111/1365-2656.12780},
  journal = {Journal of Animal Ecology},
  number = {3}
}

@article{wilson_distancebased_2011,
  title = {Distance-based Methods for the Analysis of Maps Produced by Species Distribution Models},
  author = {Wilson, Peter D},
  year = {2011},
  pages = {11},
  doi = {10/b3bnhq},
  journal = {Methods in Ecology and Evolution}
}

@article{wilson_technological_2012,
  title = {Technological Innovation in Archival Tags Used in Seabird Research},
  author = {Wilson, Rory P. and Vandenabeele, Sylvie P.},
  year = {2012},
  pages = {18},
  journal = {Marine Ecology Progress Series}
}

@article{wulfmeier_maximum_2016,
  title = {Maximum {{Entropy Deep Inverse Reinforcement Learning}}},
  author = {Wulfmeier, Markus and Ondruska, Peter and Posner, Ingmar},
  year = {2016},
  archivePrefix = {arXiv},
  eprint = {1507.04888},
  eprinttype = {arxiv},
  journal = {arXiv:1507.04888 [cs]},
  keywords = {⛔ No DOI found,Computer Science - Machine Learning},
  primaryClass = {cs}
}

@article{xu_analysis_2019,
  title = {Analysis of Distance-based Protein Structure Prediction by Deep Learning in {{CASP13}}},
  author = {Xu, Jinbo and Wang, Sheng},
  year = {2019},
  volume = {87},
  pages = {1069--1081},
  issn = {0887-3585, 1097-0134},
  doi = {10/gh3mv4},
  journal = {Proteins: Structure, Function, and Bioinformatics},
  number = {12}
}

@article{xu_zebrafish_2017,
  title = {Zebrafish Tracking Using Convolutional Neural Networks},
  author = {Xu, Zhiping and Cheng, Xi En},
  year = {2017},
  volume = {7},
  pages = {42815},
  issn = {2045-2322},
  doi = {10.1038/srep42815},
  journal = {Scientific Reports},
  number = {1}
}

@article{yoda_advances_2019,
  title = {Advances in Bio-Logging Techniques and Their Application to Study Navigation in Wild Seabirds},
  author = {Yoda, Ken},
  year = {2019},
  volume = {33},
  pages = {108--117},
  doi = {10.1080/01691864.2018.1553686},
  journal = {Advanced Robotics},
  number = {3-4}
}

@article{zhang_gps_2019,
  title = {{{GPS}} Telemetry for Small Seabirds: Using Hidden {{Markov}} Models to Infer Foraging Behaviour of {{Common Diving Petrels}} ( {{{\emph{Pelecanoides}}}}{\emph{ Urinatrix Urinatrix}} )},
  shorttitle = {{{GPS}} Telemetry for Small Seabirds},
  author = {Zhang, Jingjing and Rayner, Matt and Vickers, Shae and Landers, Todd and Sagar, Rachael and Stewart, John and Dunphy, Brendon},
  year = {2019},
  volume = {119},
  pages = {126--137},
  issn = {0158-4197, 1448-5540},
  doi = {10/ghtzsr},
  journal = {Emu - Austral Ornithology},
  number = {2}
}

@article{zhang_understanding_2017,
  title = {Understanding Deep Learning Requires Rethinking Generalization},
  author = {Zhang, Chiyuan and Bengio, Samy and Hardt, Moritz and Recht, Benjamin and Vinyals, Oriol},
  year = {2017},
  archivePrefix = {arXiv},
  eprint = {1611.03530},
  eprinttype = {arxiv},
  journal = {arXiv:1611.03530 [cs]},
  keywords = {⛔ No DOI found,Computer Science - Machine Learning},
  primaryClass = {cs}
}

@inproceedings{ziebart_maximum_2008,
  title = {Maximum {{Entropy Inverse Reinforcement Learning}}},
  booktitle = {Proceedings of the {{Twenty}}-{{Third AAAI Conference}} on {{Artificial Intelligence}}},
  author = {Ziebart, Brian D and Maas, Andrew and Bagnell, J Andrew and Dey, Anind K},
  year = {2008},
  pages = {6},
  keywords = {⛔ No DOI found}
}


